author={S. Baek and T. Chung and D. Kim and S. Kim},
booktitle={2012 9th International Conference on Ubiquitous Robots and Ambient Intelligence (URAI)},
title={Systems and algorithms for development of the robot safety function},
year={2012},
volume={},
number={},
pages={471-475},
keywords={flexible manufacturing systems;human-robot interaction;industrial robots;injuries;reliability;safety;manufacturing robot safety;robot system;flexible task;human-robot collaboration;personal injuries;reliable safe system;electronically controlled robot safety function;Hyundai Heavy Industries Co Ltd;Safety;Monitoring;Robot kinematics;Service robots;Joints;Manufacturing;Robot;safety;manufacturing;human-robot collaboration},
doi={10.1109/URAI.2012.6463044},
ISSN={},
month={Nov},}
